<?xml version="1.0" encoding="UTF-8"?><collection xmlns="http://www.loc.gov/MARC21/slim"><record><leader>00478nam--2200157-i-4500</leader><controlfield tag="001">000004130</controlfield><controlfield tag="002">20161230</controlfield><controlfield tag="005">20170304192236</controlfield><controlfield tag="008">060222s1000------------r-----000-0-eng-d</controlfield><datafield ind1=" " ind2=" " tag="080"><subfield code="a">536.24.669.154</subfield></datafield><datafield ind1=" " ind2=" " tag="100"><subfield code="a">Austin, J. B</subfield></datafield><datafield ind1=" " ind2=" " tag="245"><subfield code="a">The flow of heat in metals. A series of five educational lectures on the flow of heat in metals presented to members of the american</subfield></datafield><datafield ind1=" " ind2=" " tag="260"><subfield code="a">Cleveland</subfield><subfield code="b">Ohio,</subfield><subfield code="c">1942</subfield></datafield><datafield ind1=" " ind2=" " tag="300"><subfield code="a">144 p</subfield></datafield><datafield ind1=" " ind2=" " tag="852"><subfield code="a">5112</subfield></datafield><datafield ind1=" " ind2=" " tag="CAT"><subfield code="a">SYS</subfield><subfield code="c">20170304</subfield><subfield code="h">192236</subfield></datafield></record></collection>